@article{cnm-community,
  author = {Aaron Clauset and M.E.J. Newman and Cristopher Moore},
  title = {Finding community structure in very large networks},
  journal = {Physical Review E},
  volume = {70},
  pages = {066111},
  year = {2004}
}

@article{massen-doye-community,
  author = {C.P. Massen and J.P.K. Doye},
  title = {Thermodynamics of community structure},
  journal = {Preprint arXiv:cond-mat/0610077v1},
  year = {2007}
}

% References Massen and Doye's paper
@article{karrer-levina-newman-community,
  author = {B. Karrer and E. Levina and M.E.J. Newman},
  title = {Robustness of community structure in networks},
  journal = {Phys. Rev. E},
  volume = {77},
  pages = {046119},
  year = {2008}
}
